@article{swisher_2010,
  doi = {10.1523/JNEUROSCI.4811-09.2010},
  title = {{Multiscale pattern analysis of orientation-selective activity in the primary visual cortex.}},
  date = {2010 Jan 6},
  source = {J Neurosci},
  authors = {Swisher, JD and Gatenby, JC and Gore, JC and Wolfe, BA and Moon, CH and Kim, SG and Tong, F},
  author = {Swisher, JD and Gatenby, JC and Gore, JC and Wolfe, BA and Moon, CH and Kim, SG and Tong, F},
  year = {2010},
  month = {},
  journal = {J Neurosci},
  volume = {30},
  number = {},
  pages = {325-30},
  pubmed_id = {20053913},
}


@article{warnking_2002,
  doi = {10.1006/nimg.2002.1304},
  title = {{fMRI retinotopic mapping--step by step.}},
  date = {2002 Dec},
  source = {Neuroimage},
  authors = {Warnking, J and Dojat, M and Guérin-Dugué, A and Delon-Martin, C and Olympieff, S and Richard, N and Chéhikian, A and Segebarth, C},
  author = {Warnking, J and Dojat, M and Guérin-Dugué, A and Delon-Martin, C and Olympieff, S and Richard, N and Chéhikian, A and Segebarth, C},
  year = {2002},
  month = {},
  journal = {Neuroimage},
  volume = {17},
  number = {},
  pages = {1665-83},
  pubmed_id = {12498741},
}


@article{Hanke_2014,
  doi = {10.1038/sdata.2014.3},
  year = {2014},
  month = {may},
  publisher = {Nature Publishing Group},
  volume = {1},
  author = {Michael Hanke and Florian J. Baumgartner and Pierre Ibe and Falko R. Kaule and Stefan Pollmann and Oliver Speck and Wolf Zinke and Jörg Stadler},
  title = {{A high-resolution 7-Tesla {fMRI} dataset from complex natural stimulation with an audio movie}},
  journal = {Scientific Data},
}


@article{Hanke_2009,
  doi = {10.3389/neuro.11.003.2009},
  title = {{PyMVPA: A Unifying Approach to the Analysis of Neuroscientific Data.}},
  date = {2009},
  source = {Front Neuroinform},
  authors = {Hanke, M and Halchenko, YO and Sederberg, PB and Olivetti, E and Fründ, I and Rieger, JW and Herrmann, CS and Haxby, JV and Hanson, SJ and Pollmann, S},
  author = {Hanke, M and Halchenko, YO and Sederberg, PB and Olivetti, E and Fründ, I and Rieger, JW and Herrmann, CS and Haxby, JV and Hanson, SJ and Pollmann, S},
  year = {2009},
  month = {},
  journal = {Front Neuroinform},
  volume = {3},
  number = {},
  pages = {3},
  pubmed_id = {19212459},
}


@article{Smith_2004,
  doi = {10.1016/j.neuroimage.2004.07.051},
  title = {{Advances in functional and structural MR image analysis and implementation as FSL.}},
  date = {2004},
  source = {Neuroimage},
  authors = {Smith, SM and Jenkinson, M and Woolrich, MW and Beckmann, CF and Behrens, TE and Johansen-Berg, H and Bannister, PR and De, Luca M and Drobnjak, I and Flitney, DE and Niazy, RK and Saunders, J and Vickers, J and Zhang, Y and De, Stefano N and Brady, JM and Matthews, PM},
  author = {Smith, SM and Jenkinson, M and Woolrich, MW and Beckmann, CF and Behrens, TE and Johansen-Berg, H and Bannister, PR and De, Luca M and Drobnjak, I and Flitney, DE and Niazy, RK and Saunders, J and Vickers, J and Zhang, Y and De, Stefano N and Brady, JM and Matthews, PM},
  year = {2004},
  month = {},
  journal = {Neuroimage},
  volume = {23 Suppl 1},
  number = {},
  pages = {S208-19},
  pubmed_id = {15501092},
}


@article{swi_2003,
  doi = {10.1523/JNEUROSCI.4811-09.2010},
  title = {{Fast, automated, N-dimensional phase-unwrapping algorithm.}},
  date = {2003 Jan},
  source = {Magn Reson Med},
  authors = {Jenkinson, M},
  author = {Jenkinson, M},
  year = {2003},
  month = {},
  journal = {Magn Reson Med},
  volume = {49},
  number = {},
  pages = {193-7},
  pubmed_id = {12509838},
}


@article{kamitani_2005,
  doi = {10.1038/nn1444},
  title = {{Decoding the visual and subjective contents of the human brain.}},
  date = {2005 May},
  source = {Nat Neurosci},
  authors = {Kamitani, Y and Tong, F},
  author = {Kamitani, Y and Tong, F},
  year = {2005},
  month = {},
  journal = {Nat Neurosci},
  volume = {8},
  number = {},
  pages = {679-85},
  pubmed_id = {15852014},
}


@article{haynes_2005,
  doi = {10.1038/nn1445},
  title = {{Predicting the orientation of invisible stimuli from activity in human primary visual cortex.}},
  date = {2005 May},
  source = {Nat Neurosci},
  authors = {Haynes, JD and Rees, G},
  author = {Haynes, JD and Rees, G},
  year = {2005},
  month = {},
  journal = {Nat Neurosci},
  volume = {8},
  number = {},
  pages = {686-91},
  pubmed_id = {15852013},
}


@article{haxby_2012,
  doi = {10.1016/j.neuroimage.2012.03.016},
  title={Multivariate pattern analysis of {fMRI}: the early beginnings},
  author={Haxby, James V},
  journal={Neuroimage},
  volume={62},
  number={2},
  pages={852--855},
  year={2012},
  publisher={Elsevier}
}



@article{chaimow_2011,
  doi = {10.1016/j.neuroimage.2010.09.037},
  title = {{Modeling and analysis of mechanisms underlying {fMRI}-based decoding of information conveyed in cortical columns.}},
  date = {2011 May 15},
  source = {Neuroimage},
  authors = {Chaimow, D and Yacoub, E and Ugurbil, K and Shmuel, A},
  author = {Chaimow, D and Yacoub, E and Ugurbil, K and Shmuel, A},
  year = {2011},
  month = {May},
  journal = {Neuroimage},
  volume = {56},
  number = {},
  pages = {627-42},
  pubmed_id = {20868757},
}


@article{boynton_2005,
  title = {{Imaging orientation selectivity: decoding conscious perception in V1.}},
  date = {2005 May},
  source = {Nat Neurosci},
  authors = {Boynton, GM},
  author = {Boynton, GM},
  year = {2005},
  month = {},
  journal = {Nat Neurosci},
  volume = {8},
  number = {},
  pages = {541-2},
  pubmed_id = {15856054},
}


@article{opdebeeck_2010,
  doi = {10.1016/j.neuroimage.2009.12.072},
  title = {{Probing the mysterious underpinnings of multi-voxel {fMRI} analyses.}},
  date = {2010 Apr 1},
  source = {Neuroimage},
  authors = {Op de Beeck,  HP},
  author = {Op de Beeck,  HP},
  year = {2010},
  month = {},
  journal = {Neuroimage},
  volume = {50},
  number = {},
  pages = {567-71},
  pubmed_id = {20035886},
}


@article{kriegeskorte_2007,
  doi = {10.1016/j.neuroimage.2007.02.022},
  title = {{Analyzing for information, not activation, to exploit high-resolution {fMRI}}},
  date = {2007 Dec},
  source = {Neuroimage},
  authors = {Kriegeskorte, N and Bandettini, P},
  author = {Kriegeskorte, N and Bandettini, P},
  year = {2007},
  month = {},
  journal = {Neuroimage},
  volume = {38},
  number = {},
  pages = {649-62},
  pubmed_id = {17804260},
}


@article{yacoub_2008,
  doi = {10.1073/pnas.0804110105},
  title = {High-field {fMRI} unveils orientation columns in humans.},
  date = {2008 Jul 29},
  source = {Proc Natl Acad Sci U S A},
  authors = {Yacoub, E and Harel, N and Ugurbil, K},
  author = {Yacoub, E and Harel, N and Ugurbil, K},
  year = {2008},
  month = {Jul},
  journal = {Proc Natl Acad Sci U S A},
  volume = {105},
  number = {},
  pages = {10607-12},
  pubmed_id = {18641121},
}


@article{haxby_2006,
  title = {{Beyond mind-reading: multi-voxel pattern analysis of fMRI data}},
  date = {2006 Sep},
  source = {Trends Cogn Sci},
  authors = {Norman, KA and Polyn, SM and Detre, GJ and Haxby, JV},
  author = {Norman, KA and Polyn, SM and Detre, GJ and Haxby, JV},
  year = {2006},
  month = {},
  journal = {Trends Cogn Sci},
  volume = {10},
  number = {},
  pages = {424-30},
  pubmed_id = {16899397},
}


@article{freeman_2011,
  doi = {10.1523/JNEUROSCI.5160-10.2011},
  title = {{Orientation decoding depends on maps, not columns}},
  date = {2011 Mar 30},
  source = {J Neurosci},
  authors = {Freeman, J and Brouwer, GJ and Heeger, DJ and Merriam, EP},
  author = {Freeman, J and Brouwer, GJ and Heeger, DJ and Merriam, EP},
  year = {2011},
  month = {Mar},
  journal = {J Neurosci},
  volume = {31},
  number = {},
  pages = {4792-804},
  pubmed_id = {21451017},
}


@article{alink_2013,
  doi = {10.3389/fpsyg.2013.00493},
  title = {{fMRI orientation decoding in V1 does not require global maps or globally coherent orientation stimuli}},
  date = {2013},
  source = {Front Psychol},
  authors = {Alink, A and Krugliak, A and Walther, A and Kriegeskorte, N},
  author = {Alink, A and Krugliak, A and Walther, A and Kriegeskorte, N},
  year = {2013},
  month = {},
  journal = {Front Psychol},
  volume = {4},
  number = {},
  pages = {493},
  pubmed_id = {23964251},
}


@article{kriegeskorte_2010,
  doi = {10.1016/j.neuroimage.2009.09.059},
  title = {{How does an fMRI voxel sample the neuronal activity pattern: compact-kernel or complex spatiotemporal filter?}},
  date = {2010 Feb 1},
  source = {Neuroimage},
  authors = {Kriegeskorte, N and Cusack, R and Bandettini, P},
  author = {Kriegeskorte, N and Cusack, R and Bandettini, P},
  year = {2010},
  month = {},
  journal = {Neuroimage},
  volume = {49},
  number = {},
  pages = {1965-76},
  pubmed_id = {19800408},
}


@article{freeman_2013,
  doi = {10.1523/JNEUROSCI.0889-13.2013},
  title = {{Coarse-scale biases for spirals and orientation in human visual cortex}},
  date = {2013 Dec 11},
  source = {J Neurosci},
  authors = {Freeman, J and Heeger, DJ and Merriam, EP},
  author = {Freeman, J and Heeger, DJ and Merriam, EP},
  year = {2013},
  month = {Dec},
  journal = {J Neurosci},
  volume = {33},
  number = {},
  pages = {19695-703},
  pubmed_id = {24336733},
}


@article{ugurbil_2012,
  doi = {10.1016/j.neuroimage.2012.01.134},
  title = {{The road to functional imaging and ultrahigh fields}},
  date = {2012 Aug 15},
  source = {Neuroimage},
  authors = {Uğurbil, K},
  author = {Uğurbil, K},
  year = {2012},
  month = {Aug},
  journal = {Neuroimage},
  volume = {62},
  number = {},
  pages = {726-35},
  pubmed_id = {22333670},
}


@article{scouten_2006,
  title = {{Spatial resolution, signal-to-noise ratio, and smoothing in multi-subject functional MRI studies}},
  date = {2006 Apr 15},
  source = {Neuroimage},
  authors = {Scouten, A and Papademetris, X and Constable, RT},
  author = {Scouten, A and Papademetris, X and Constable, RT},
  year = {2006},
  month = {Apr},
  journal = {Neuroimage},
  volume = {30},
  number = {},
  pages = {787-93},
  pubmed_id = {16343951},
}


@article{kamitani_2010,
  doi = {10.1016/j.neuroimage.2009.06.040},
  title = {{Spatial smoothing hurts localization but not information: pitfalls for brain mappers}},
  date = {2010 Feb 1},
  source = {Neuroimage},
  authors = {Kamitani, Y and Sawahata, Y},
  author = {Kamitani, Y and Sawahata, Y},
  year = {2010},
  month = {},
  journal = {Neuroimage},
  volume = {49},
  number = {},
  pages = {1949-52},
  pubmed_id = {19559797},
}


@article{tong_2012,
  doi = {10.1016/j.neuroimage.2012.08.005},
  title = {{Relationship between BOLD amplitude and pattern classification of orientation-selective activity in the human visual cortex}},
  date = {2012 Nov 15},
  source = {Neuroimage},
  authors = {Tong, F and Harrison, SA and Dewey, JA and Kamitani, Y},
  author = {Tong, F and Harrison, SA and Dewey, JA and Kamitani, Y},
  year = {2012},
  month = {Nov},
  journal = {Neuroimage},
  volume = {63},
  number = {},
  pages = {1212-22},
  pubmed_id = {22917989},
}


@article{triantafyllou_2005,
  doi = {10.1016/j.neuroimage.2005.01.007},
  year = {2005},
  month = {may},
  publisher = {Elsevier {BV}},
  volume = {26},
  number = {1},
  pages = {243--250},
  author = {C. Triantafyllou and R.D. Hoge and G. Krueger and C.J. Wiggins and A. Potthast and G.C. Wiggins and L.L. Wald},
  title = {{Comparison of physiological noise at 1.5 T 3 T and 7 T and optimization of {fMRI} acquisition parameters}},
  journal = {{NeuroImage}},
}


@article{misaki_2013,
  doi = {10.1016/j.jneumeth.2012.11.004},
  title = {{The effect of spatial smoothing on fMRI decoding of columnar-level organization with linear support vector machine}},
  date = {2013 Jan 30},
  source = {J Neurosci Methods},
  author = {Misaki, M and Luh, WM and Bandettini, PA},
  year = {2013},
  month = {Jan},
  journal = {J Neurosci Methods},
  volume = {212},
  number = {},
  pages = {355-61},
  pubmed_id = {23174092},
}


@article{shmuel_2007,
  doi = {10.1016/j.neuroimage.2006.12.030},
  title = {{Spatio-temporal point-spread function of fMRI signal in human gray matter at 7 Tesla}},
  date = {2007 Apr 1},
  source = {Neuroimage},
  author = {Shmuel, A and Yacoub, E and Chaimow, D and Logothetis, NK and Ugurbil, K},
  year = {2007},
  month = {},
  journal = {Neuroimage},
  volume = {35},
  number = {},
  pages = {539-52},
  pubmed_id = {17306989},
}


@article{gardner_2010,
  doi = {10.1016/j.neuroimage.2009.07.004},
  year = {2010},
  month = {feb},
  publisher = {Elsevier {BV}},
  volume = {49},
  number = {3},
  pages = {1953--1956},
  author = {Justin L. Gardner},
  title = {{Is cortical vasculature functionally organized?}},
  journal = {{NeuroImage}},
}

@article{shmuel_2010,
  doi = {10.1016/j.neuroimage.2009.08.040},
  title={Mechanisms underlying decoding at {7T}: ocular dominance columns, broad structures, and macroscopic blood vessels in {V1} convey information on the stimulated eye},
  author={Shmuel, Amir and Chaimow, Denis and Raddatz, Guenter and Ugurbil, Kamil and Yacoub, Essa},
  journal={Neuroimage},
  volume={49},
  number={3},
  pages={1957--1964},
  year={2010},
  publisher={Elsevier}
}

@article{obermayer_1993,
  title={Geometry of orientation and ocular dominance columns in monkey striate cortex},
  author={Obermayer, Klaus and Blasdel, Gary G},
  journal={The Journal of Neuroscience},
  volume={13},
  number={10},
  pages={4114--4129},
  year={1993},
  publisher={Soc Neuroscience}
}

@article{peirce_2008,
  doi = {10.3389/neuro.11.010.2008},
  title={Generating stimuli for neuroscience using {PsychoPy}},
  author={Peirce, Jonathan W},
  journal={Frontiers in neuroinformatics},
  volume={2},
  year={2008},
  publisher={Frontiers Research Foundation}
}
@article{engel_1997,
  doi = {10.1093/cercor/7.2.181},
  title={Retinotopic organization in human visual cortex and the spatial precision of functional {MRI}},
  author={Engel, Stephen A and Glover, Gary H and Wandell, Brian A},
  journal={Cerebral cortex},
  volume={7},
  number={2},
  pages={181--192},
  year={1997},
  publisher={Oxford Univ Press}
}
@article{pereira_2009,
  doi = {10.1016/j.neuroimage.2008.11.007},
  title={Machine learning classifiers and {fMRI}: a tutorial overview},
  author={Pereira, Francisco and Mitchell, Tom and Botvinick, Matthew},
  journal={Neuroimage},
  volume={45},
  number={1},
  pages={S199--S209},
  year={2009},
  publisher={Elsevier}
}
@article{lusebrink_2013,
  doi = {10.1016/j.neuroimage.2012.12.016},
  title={Cortical thickness determination of the human brain using high resolution {3T} and {7T MRI} data},
  author={L{\"u}sebrink, Falk and Wollrab, Astrid and Speck, Oliver},
  journal={Neuroimage},
  volume={70},
  pages={122--131},
  year={2013},
  publisher={Elsevier}
}
@article{heidemann_2012,
  doi = {10.1002/mrm.24156},
  title={Isotropic submillimeter {fMRI} in the human brain at {7T}: Combining reduced field-of-view imaging and partially parallel acquisitions},
  author={Heidemann, Robin M and Ivanov, Dimo and Trampel, Robert and Fasano, Fabrizio and Meyer, Heiko and Pfeuffer, Josef and Turner, Robert},
  journal={Magnetic Resonance in Medicine},
  volume={68},
  number={5},
  pages={1506--1516},
  year={2012},
  publisher={Wiley Online Library}
}

@article{millman_2007,
  title={Analysis of functional magnetic resonance imaging in {Python}},
  author={Millman, K Jarrod and Brett, Matthew},
  journal={Computing in Science \& Engineering},
  volume={9},
  number={3},
  pages={52--55},
  year={2007},
  publisher={AIP Publishing},
  doi = {10.1109/MCSE.2007.46}
}

@book{shawe_2004,
  title={Kernel methods for pattern analysis},
  author={Shawe-Taylor, John and Cristianini, Nello},
  year={2004},
  publisher={Cambridge university press}
}
@article{in_2012,
  title={Highly accelerated {PSF}-mapping for {EPI} distortion correction with improved fidelity},
  author={In, Myung-Ho and Speck, Oliver},
  journal={Magnetic Resonance Materials in Physics, Biology and Medicine},
  volume={25},
  number={3},
  pages={183--192},
  year={2012},
  publisher={Springer}
}
@article{dale_1999,
  doi = {10.1006/nimg.1998.0395},
  title={Cortical surface-based analysis: {I.} {S}egmentation and surface reconstruction},
  author={Dale, Anders M and Fischl, Bruce and Sereno, Martin I},
  journal={Neuroimage},
  volume={9},
  number={2},
  pages={179--194},
  year={1999},
  publisher={Elsevier}
}
@article{pedregosa_2011,
  title={Scikit-learn: Machine learning in {Python}},
  author={Pedregosa, Fabian and Varoquaux, Ga{\"e}l and Gramfort, Alexandre and Michel, Vincent and Thirion, Bertrand and Grisel, Olivier and Blondel, Mathieu and Prettenhofer, Peter and Weiss, Ron and Dubourg, Vincent and others},
  journal={The Journal of Machine Learning Research},
  volume={12},
  pages={2825--2830},
  year={2011},
  publisher={JMLR. org}
}
@article{jenkinson_2003,
  doi = {10.1002/mrm.10354},
  title={Fast, automated, {N-dimensional} phase-unwrapping algorithm},
  author={Jenkinson, Mark},
  journal={Magnetic resonance in medicine},
  volume={49},
  number={1},
  pages={193--197},
  year={2003},
  publisher={Wiley Online Library}
}
@article{nichols_2002,
  title={Nonparametric permutation tests for functional neuroimaging: a primer with examples},
  author={Nichols, Thomas E and Holmes, Andrew P},
  journal={Human brain mapping},
  volume={15},
  number={1},
  pages={1--25},
  year={2002},
  publisher={Wiley Online Library}
}
@article{won_2009,
  title={Choosing an optimal method to combine {P-values}},
  author={Won, Sungho and Morris, Nathan and Lu, Qing and Elston, Robert C},
  journal={Statistics in medicine},
  volume={28},
  number={11},
  pages={1537--1553},
  year={2009},
  publisher={Wiley Online Library}
}
@article{haacke_2004,
  doi = {10.1002/mrm.20198},
  title={Susceptibility weighted imaging (SWI)},
  author={Haacke, E Mark and Xu, Yingbiao and Cheng, Yu-Chung N and Reichenbach, J{\"u}rgen R},
  journal={Magnetic Resonance in Medicine},
  volume={52},
  number={3},
  pages={612--618},
  year={2004},
  publisher={Wiley Online Library}
}
@article{cox_1996,
  doi = {10.1006/cbmr.1996.0014},
  title={{AFNI}: software for analysis and visualization of functional magnetic resonance neuroimages},
  author={Cox, Robert W},
  journal={Computers and Biomedical research},
  volume={29},
  number={3},
  pages={162--173},
  year={1996},
  publisher={Elsevier}
}


@article{ HH12,
  doi = {10.3389/fninf.2012.00022},
	author = "Yaroslav O. Halchenko and Michael Hanke",
	issn = "1662-5196",
	journal = "Front.~Neuroinform.",
	number = 00022,
	title = "{Open is not enough. {L}et's take the next step: {A}n integrated, community-driven computing platform for neuroscience}",
	volume = 6,
	year = 2012,
}

@article{wilcoxon_1970,
  title={Critical values and probability levels for the {Wilcoxon} rank sum test and the {Wilcoxon} signed rank test},
  author={Wilcoxon, Frank and Katti, SK and Wilcox, Roberta A},
  journal={Selected tables in mathematical statistics},
  volume={1},
  pages={171--259},
  year={1970},
  publisher={Markham Publishing Co. Chicago}
}
@article{chang_2011,
 author = {Chang, Chih-Chung and Lin, Chih-Jen},
 title = {{LIBSVM}: A library for support vector machines},
 journal = {ACM Transactions on Intelligent Systems and Technology},
 volume = {2},
 issue = {3},
 year = {2011},
 pages = {27:1--27:27},
 doi = {10.1145/1961189.1961199},
 note =	 {{S}oftware available at \url{http://www.csie.ntu.edu.tw/~cjlin/libsvm}}
}
@article{germanaud_2012,
  doi = {10.1016/j.neuroimage.2012.07.053},
  title={Larger is twistier: Spectral analysis of gyrification (SPANGY) applied to adult brain size polymorphism},
  author={Germanaud, David and Lef{\`e}vre, Julien and Toro, Roberto and Fischer, Clara and Dubois, Jessica and Hertz-Pannier, Lucie and Mangin, Jean-Francois},
  journal={NeuroImage},
  volume={63},
  number={3},
  pages={1257--1272},
  year={2012},
  publisher={Elsevier}
}
@article{carlson_2014,
  doi = {10.1523/JNEUROSCI.0548-14.2014},
  title={Orientation decoding in human visual cortex: new insights from an unbiased perspective},
  author={Carlson, Thomas A},
  journal={The Journal of Neuroscience},
  volume={34},
  number={24},
  pages={8373--8383},
  year={2014},
  publisher={Soc Neuroscience}
}
@article{hubel_1972,
  title={Laminar and columnar distribution of geniculo-cortical fibers in the macaque monkey},
  author={Hubel, David H and Wiesel, Torsten N},
  journal={Journal of Comparative Neurology},
  volume={146},
  number={4},
  pages={421--450},
  year={1972},
  publisher={Wiley Online Library}
}
@Misc{scipy_2001,
  author =    {Eric Jones and Travis Oliphant and Pearu Peterson and others},
  title =     {{SciPy}: Open source scientific tools for {Python}},
  year =      {2001--},
  url = "http://www.scipy.org/",
  note = {[Online; accessed 2015-07-28]}
}

@article{glover_1999,
  doi = {10.1006/nimg.1998.0419},
  title={Deconvolution of Impulse Response in Event-Related {BOLD} {fMRI}},
  author={Glover, Gary H},
  journal={Neuroimage},
  volume={9},
  number={4},
  pages={416--429},
  year={1999},
  publisher={Elsevier}
}

@book{friedman2001elements,
  title={The elements of statistical learning},
  author={Friedman, Jerome and Hastie, Trevor and Tibshirani, Robert},
  volume={1},
  year={2001},
  publisher={Springer series in statistics Springer, Berlin}
}

@book{bellman1961adaptive,
  title={Adaptive control processes: a guided tour},
  author={Bellman, Richard Ernest},
  volume={4},
  year={1961},
  publisher={Princeton University Press: Princeton}
}

@article{demartino2013grase,
  doi = {10.1371/journal.pone.0060514},
  title={Cortical depth dependent functional responses in humans at 7T: improved specificity with 3D GRASE},
  author={De Martino, Federico and Zimmermann, Jan and Muckli, Lars and Ugurbil, Kamil and Yacoub, Essa and Goebel, Rainer},
  journal={PloS one},
  volume={8},
  number={3},
  pages={e60514},
  year={2013},
  publisher={Public Library of Science}
}

@article{furmanski_2000,
  title={An oblique effect in human primary visual cortex},
  author={Furmanski, Christopher S and Engel, Stephen A},
  journal={Nature Neuroscience},
  volume={3},
  number={6},
  pages={535--536},
  year={2000},
  publisher={Nature Publishing Group},
  doi = {10.1038/75702 }
}

@article{Dou_2014,
  doi = {10.1007/s10334-014-0469-9},
  year  = {2014},
  month = {nov},
  publisher = {Springer Science $\mathplus$ Business Media},
  volume = {28},
  number = {3},
  pages = {259--270},
  author = {Weiqiang Dou and Oliver Speck and Thomas Benner and J\"{o}rn Kaufmann and Meng Li and Kai Zhong and Martin Walter},
  title = {Automatic voxel positioning for {MRS} at 7~T},
  journal = {Magnetic Resonance Materials in Physics,  Biology and Medicine}
}
@article{Weibull_2008,
  doi = {10.1016/j.neuroimage.2008.02.015},
  url = {http://dx.doi.org/10.1016/j.neuroimage.2008.02.015},
  year  = {2008},
  month = {jun},
  publisher = {Elsevier {BV}},
  volume = {41},
  number = {2},
  pages = {346--353},
  author = {A. Weibull and H. Gustavsson and S. Mattsson and J. Svensson},
  title = {Investigation of spatial resolution,  partial volume effects and smoothing in functional {MRI} using artificial 3D time series},
  journal = {{NeuroImage}}
}
